@article{1,
  title={The consequences of sleep deprivation on cognitive performance},
  author={Khan, M. A. and Al-Jahdali, H.},
  journal={Neurosciences (Riyadh, Saudi Arabia)},
  volume={28},
  number={2},
  pages={91--99},
  year={2023},
  publisher={Armed Forces Hospital},
  doi={10.17712/nsj.2023.2.20220108}
}

@article{2,
  title={Sleep Duration and Executive Function in Adults},
  author={Sen, A. and Tai, X.Y.},
  journal={Current Neurology and Neuroscience Reports},
  volume={23},
  pages={801--813},
  year={2023},
  publisher={Springer},
  doi={10.1007/s11910-023-01309-8}
}

@article{3,
  title={The Relationship Between Cognitive Impairments and Sleep Quality Measures in Persistent Insomnia Disorder},
  author={K{\"u}nstler, Erika C. S. and Bublak, Peter and Finke, Kathrin and Koranyi, Nicolas and Meinhard, Marie and Schwab, Matthias and Rupprecht, Sven},
  journal={Nature and Science of Sleep},
  volume={15},
  pages={491--498},
  year={2023},
  doi={10.2147/NSS.S399644}
}

@article{4,
 title = {Cognitive Performance During Confinement and Sleep Restriction in NASAâ€™s Human Exploration Research Analog (HERA)},
 author = {Nasrini, Jad and Hermosillo, Emanuel and Dinges, David F. and Moore, Tyler M. and Gur, Ruben C. and Basner, Mathias},
 journal = {Frontiers in Physiology},
 volume = {11},
 pages = {394},
 year = {2020},
 doi={10.3389/fphys.2020.00394}
}

@article{5,
    title = "{Effects of six weeks of chronic sleep restriction with weekend recovery on cognitive performance and wellbeing in high-performing adults}",
    author = {Smith, Michael G and Wusk, Grace C and Nasrini, Jad and Baskin, Pamela and Dinges, David F and Roma, Peter G and Basner, Mathias},
    journal = {Sleep},
    volume = {44},
    number = {8},
    pages = {zsab051},
    year = {2021},
    month = {02},
    issn = {0161-8105},
    doi = {10.1093/sleep/zsab051},
    url = {https://doi.org/10.1093/sleep/zsab051},
    eprint = {https://academic.oup.com/sleep/article-pdf/44/8/zsab051/49518182/zsab051.pdf},
}

@article{6,
  title={Sleep for cognitive enhancement},
  author={Diekelmann, Susanne},
  journal={Frontiers in Systems Neuroscience},
  volume={8},
  pages={46},
  year={2014},
  doi={10.3389/fnsys.2014.00046}
}
