@article{1,
  title={The consequences of sleep deprivation on cognitive performance},
  author={Khan, M. A. and Al-Jahdali, H.},
  journal={Neurosciences (Riyadh, Saudi Arabia)},
  volume={28},
  number={2},
  pages={91--99},
  year={2023},
  publisher={Armed Forces Hospital},
  doi={10.17712/nsj.2023.2.20220108}
}

@article{2,
  title={Sleep Duration and Executive Function in Adults},
  author={Sen, A. and Tai, X.Y.},
  journal={Current Neurology and Neuroscience Reports},
  volume={23},
  pages={801--813},
  year={2023},
  publisher={Springer},
  doi={10.1007/s11910-023-01309-8}
}

@article{3,
  title={The Relationship Between Cognitive Impairments and Sleep Quality Measures in Persistent Insomnia Disorder},
  author={K{\"u}nstler, Erika C. S. and Bublak, Peter and Finke, Kathrin and Koranyi, Nicolas and Meinhard, Marie and Schwab, Matthias and Rupprecht, Sven},
  journal={Nature and Science of Sleep},
  volume={15},
  pages={491--498},
  year={2023},
  doi={10.2147/NSS.S399644}
}

@article{4,
 title = {Cognitive Performance During Confinement and Sleep Restriction in NASAâ€™s Human Exploration Research Analog (HERA)},
 author = {Nasrini, Jad and Hermosillo, Emanuel and Dinges, David F. and Moore, Tyler M. and Gur, Ruben C. and Basner, Mathias},
 journal = {Frontiers in Physiology},
 volume = {11},
 pages = {394},
 year = {2020},
 doi={10.3389/fphys.2020.00394}
}

@article{5,
    title = "{Effects of six weeks of chronic sleep restriction with weekend recovery on cognitive performance and wellbeing in high-performing adults}",
    author = {Smith, Michael G and Wusk, Grace C and Nasrini, Jad and Baskin, Pamela and Dinges, David F and Roma, Peter G and Basner, Mathias},
    journal = {Sleep},
    volume = {44},
    number = {8},
    pages = {zsab051},
    year = {2021},
    month = {02},
    issn = {0161-8105},
    doi = {10.1093/sleep/zsab051},
    url = {https://doi.org/10.1093/sleep/zsab051},
    eprint = {https://academic.oup.com/sleep/article-pdf/44/8/zsab051/49518182/zsab051.pdf},
}

@article{6,
  title={Sleep for cognitive enhancement},
  author={Diekelmann, Susanne},
  journal={Frontiers in Systems Neuroscience},
  volume={8},
  pages={46},
  year={2014},
  doi={10.3389/fnsys.2014.00046}
}

@misc{7,
  title={Physiology, Sleep Stages},
  author={Patel, AK and Reddy, V and Shumway, KR and others},
  year={2024},
  howpublished={\url{https://www.ncbi.nlm.nih.gov/books/NBK526132/}},
  note={Updated 2024 Jan 26. In: StatPearls [Internet]. Treasure Island (FL): StatPearls Publishing; 2024 Jan-.}
}

@article{8,
title={Effects of partial and acute total sleep deprivation on performance across cognitive domains, individuals, and circadian phase},
author={Lo, June C. and Groeger, John A. and Santhi, Nele and Arbon, Emma L. and Lazar, Andreea S. and Hasan, Shahab and others},
journal={PloS One},
volume={7},
pages={e45987},
year={2012},
doi={10.1371/journal.pone.0045987}
}

@article{9,
  title={Focused attention meditation changes the boundary and configuration of functional networks in the brain},
  author={Kajimura, Shinya and Masuda, Naoki and Lau, Joseph K. L. and Murayama, Kou},
  journal={Scientific Reports},
  volume={10},
  pages={18426},
  year={2020},
  doi={10.1038/s41598-020-75396-9}
}

@article{10,
  title={Short-term total sleep deprivation does not selectively impair higher cortical functioning},
  author={Binks, P. G. and Waters, W. F. and Hurry, M.},
  journal={Sleep},
  volume={22},
  number={3},
  pages={328--334},
  year={1999},
  month={May},
  doi={10.1093/sleep/22.3.328},
  pmid={10341383}
}

@article{11,
  title={Impact of sleep duration on executive function and brain structure},
  author={Tai, Xin You and Chen, Cheng and Manohar, Sanjay and Husain, Masud},
  journal={Communications Biology},
  volume={5},
  number={1},
  pages={201},
  year={2022},
  month={Mar},
  issn={2399-3642},
  doi={10.1038/s42003-022-03123-3},
  url={https://doi.org/10.1038/s42003-022-03123-3}
}

@article{12,
title={Poor sleep is associated with impaired cognitive function in older women: the study of osteoporotic fractures},
author={Blackwell, Teresa and Yaffe, Kristine and Ancoli-Israel, Sonia and Schneider, Jane L. and Cauley, Jane A. and Hillier, Teresa A. and Fink, Howard A. and Stone, Katie L. and Study of Osteoporotic Fractures Group},
journal={Journal of Gerontology: Series A, Biological Sciences and Medical Sciences},
volume={61},
pages={405--410},
year={2006},
doi={10.1093/gerona/61.4.405}
}

@article{13,
  title={Association between objective sleep measures and cognitive performance: a cross-sectional analysis in the Brazilian Longitudinal Study of Adult Health (ELSA-Brasil) study},
  author={Suemoto, Claudia K. and Santos, Rosane B. and Giatti, Luana S. and Aielo, Ana N. and Silva, Walter A. and Parise, Bruna K. and Cunha, Leandro F. and Souza, S{\'e}rgio P. and Griep, Rosane H. and Brunoni, Andr{\'e} R. and Lotufo, Paulo A. and Bensenor, Isabela M. and Drager, Luciano F.},
  journal={Journal of Sleep Research},
  volume={32},
  pages={e13659},
  year={2023},
  doi={10.1111/jsr.13659}
}

@article{14,
  title={Insomnia: definition, prevalence, etiology, and consequences},
  author={Roth, Thomas},
  journal={Journal of Clinical Sleep Medicine: JCSM: Official Publication of the American Academy of Sleep Medicine},
  volume={3},
  number={5 Suppl},
  pages={S7--S10},
  year={2007},
  month={Aug},
  publisher={American Academy of Sleep Medicine},
  issn={1550-9389},
  eissn={1550-9397},
  pmid={17824495},
  abstract={Insomnia, a common sleep disorder, affects millions of people and has serious health consequences. This paper reviews the definition, prevalence, etiology, and consequences of insomnia, highlighting its impact on mental health, comorbid conditions, and quality of life.},
  address={Sleep Disorders and Research Center at Henry Ford Health System, Henry Ford Hospital Sleep Center, 2799 West Grand Blvd., Detroit, MI 48202, USA},
  keywords={Insomnia, Prevalence, Etiology, Consequences, Epidemiology, Mental Disorders, Sleep Disorders},
  note={Research support, Non-U.S. Gov't; Review},
  doi={10.5664/jcsm.26929},
}

@article{15,
title={The preclinical phase of Alzheimer disease: a 22-year prospective study of the Framingham Cohort},
author={Elias, Merrill F. and Beiser, Alexa and Wolf, Philip A. and others},
journal={Archives of Neurology},
volume={57},
number={6},
pages={808--813},
year={2000},
doi={10.1001/archneur.57.6.808}
}

@article{16,
  author  = {Rasch, B. and Pommer, J. and Diekelmann, S. and Born, J.},
  title   = {Pharmacological REM Sleep Suppression Paradoxically Improves Rather than Impairs Skill Memory},
  journal = {Nature Neuroscience},
  year    = {2009},
  volume  = {12},
  pages   = {396--397},
  doi     = {10.1038/nn.2206}
}
